@article{chu2016feature,
  title={Feature screening for time-varying coefficient models with ultrahigh dimensional longitudinal data},
  author={Chu, Wanghuan and Li, Runze and Reimherr, Matthew},
  journal={The annals of applied statistics},
  volume={10},
  number={2},
  pages={596},
  year={2016},
  publisher={NIH Public Access}
}


@article{stingo2015bayesian,
  title={A Bayesian approach to identify genes and gene-level SNP aggregates in a genetic analysis of cancer data},
  author={Stingo, Francesco C and Swartz, Michael D and Vannucci, Marina},
  journal={Statistics and its Interface},
  volume={8},
  number={2},
  pages={137},
  year={2015},
  publisher={NIH Public Access}
}